@online{theindependent2017apple,
  author = {David Phelan},
  title = {Apple CEO Tim Cook: As Brexit hangs over UK, 'times are not really awful, there's some great things happening'},
  year = {2017},
  url = {http://www.independent.co.uk/life-style/gadgets-and-tech/features/apple-tim-cook-boss-brexit-uk-theresa-may-number-10-interview-ustwo-a7574086.html#gallery},
  urldate = {2017-05-30}
}

@article{kelly2016untold,
  title={The untold story of magic leap, the world’s most secretive startup},
  author={Kelly, Kevin},
  journal={Recuperado de https://www.wired.com/2016/04/magic-leap-vr},
  year={2016}
}

@inproceedings{milgram1995augmented,
  title={Augmented reality: A class of displays on the reality-virtuality continuum},
  author={Milgram, Paul and Takemura, Haruo and Utsumi, Akira and Kishino, Fumio},
  booktitle={Photonics for industrial applications},
  pages={282--292},
  year={1995},
  organization={International Society for Optics and Photonics}
}

@article{azuma1997survey,
  title={A survey of augmented reality},
  author={Azuma, Ronald T},
  journal={Presence: Teleoperators and virtual environments},
  volume={6},
  number={4},
  pages={355--385},
  year={1997},
  publisher={MIT Press}
}

@article{azuma2001recent,
  title={Recent advances in augmented reality},
  author={Azuma, Ronald and Baillot, Yohan and Behringer, Reinhold and Feiner, Steven and Julier, Simon and MacIntyre, Blair},
  journal={IEEE computer graphics and applications},
  volume={21},
  number={6},
  pages={34--47},
  year={2001},
  publisher={IEEE}
}

@inproceedings{kato1999marker,
  title={Marker tracking and hmd calibration for a video-based augmented reality conferencing system},
  author={Kato, Hirokazu and Billinghurst, Mark},
  booktitle={Augmented Reality, 1999.(IWAR'99) Proceedings. 2nd IEEE and ACM International Workshop on},
  pages={85--94},
  year={1999},
  organization={IEEE}
}

@inproceedings{robertson1991cone,
  title={Cone trees: animated 3D visualizations of hierarchical information},
  author={Robertson, George G and Mackinlay, Jock D and Card, Stuart K},
  booktitle={Proceedings of the SIGCHI conference on Human factors in computing systems},
  pages={189--194},
  year={1991},
  organization={ACM}
}

@book{diehl2007software,
  title={Software Visualization: Visualizing the Structure, Behaviour, and Evolution of Software},
  author={Diehl, S.},
  isbn={9783540465041},
  lccn={2007923067},
  year={2007},
  publisher={Springer Berlin Heidelberg}
}

@book{ernst2016grundkurs,
  title={Grundkurs Informatik: Grundlagen und Konzepte f{\"u}r die erfolgreiche IT-Praxis - Eine umfassende, praxisorientierte Einf{\"u}hrung},
  author={Ernst, H. and Schmidt, J. and Beneken, G.},
  isbn={9783658146344},
  year={2016},
  publisher={Springer Fachmedien Wiesbaden}
}

@inproceedings{wettel2007program,
	author={R. Wettel and M. Lanza},
	booktitle={15th IEEE International Conference on Program Comprehension (ICPC '07)},
	title={Program Comprehension through Software Habitability},
	year={2007},
	pages={231-240},
	doi={10.1109/ICPC.2007.30},
	ISSN={1092-8138},
	month={June}
}

@online{qaware2017it-probleme,
  author = {{QAware GmbH}},
  title = {IT-Probleme lösen. Digitale Zukunft gestalten.},
  year = {2017},
  url = {http://www.qaware.de/leistung/#leistung-realisierung},
  urldate = {2017-03-28}
}

@mastersthesis{puetz2017softwarevisualisierung,
  title={Softwarevisualisierung für Virtual Reality},
  author={Marcel Pütz},
  year={2017},
  school={Hochschule Rosenheim},
  type={Masterseminar}
}

@inproceedings{wettel2008visual,
	author={R. Wettel and M. Lanza},
	booktitle={2008 15th Working Conference on Reverse Engineering},
	title={Visual Exploration of Large-Scale System Evolution},
	year={2008},
	pages={219-228},
	doi={10.1109/WCRE.2008.55},
	ISSN={1095-1350},
	month={Oct}
}

@inproceedings{wettel2011software,
  title={Software systems as cities: A controlled experiment},
  author={Wettel, Richard and Lanza, Michele and Robbes, Romain},
  booktitle={Proceedings of the 33rd International Conference on Software Engineering},
  pages={551--560},
  year={2011},
  organization={ACM}
}

@phdthesis{steinbruckner2013consistent,
  title={Consistent Software Cities: supporting comprehension of evolving software systems},
  author={Steinbrück, Frank},
  year={2013},
  school={Cottbus, Brandenburgische Technische Universität Cottbus}
}

@inproceedings{graham2004solar,
  title={A solar system metaphor for 3D visualisation of object oriented software metrics},
  author={Graham, Hamish and Yang, Hong Yul and Berrigan, Rebecca},
  booktitle={Proceedings of the 2004 Australasian symposium on Information Visualisation-Volume 35},
  pages={53--59},
  year={2004},
  organization={Australian Computer Society, Inc.}
}

@inproceedings{balzer2004software,
  title={Software landscapes: Visualizing the structure of large software systems},
  author={Balzer, Michael and Noack, Andreas and Deussen, Oliver and Lewerentz, Claus},
  booktitle={IEEE TCVG},
  year={2004}
}

@article{papula2001mathematik,
  title={Mathematik f{\"u}r Ingenieure und Naturwissenschaftler Band 3--Vektoranalysis, Wahrscheinlichkeitsrechnung, Mathematische Statistik, Fehler-und Ausgleichsrechnung, 6},
  author={Papula, Lothar},
  journal={Aufl. Braunschweig: Vieweg},
  year={2001}
}

@inproceedings{lautenschlager2017chronix,
  title={Chronix: Long Term Storage and Retrieval Technology for Anomaly Detection in Operational Data.},
  author={Lautenschlager, Florian and Philippsen, Michael and Kumlehn, Andreas and Adersberger, Josef},
  booktitle={FAST},
  pages={229--242},
  year={2017}
}

@online{qaware2017johannes,
  author = {{QAware GmbH}},
  title = {Johannes Weigend - Chefarchitekt, Geschäftsführer und Mitgründer},
  year = {2017},
  url = {http://www.qaware.de/unternehmen/johannes-weigend/},
  urldate = {2017-07-01}
}

@book{cohn2004user,
  title={User stories applied: For agile software development},
  author={Cohn, Mike},
  year={2004},
  publisher={Addison-Wesley Professional}
}

@misc{frank2007pattern,
  title={Pattern Oriented Software Architecture Volume 5: On Patterns and Pattern Languages},
  author={Frank, Buschmann and Kevlin, Henney and Douglas, C Schmidt},
  year={2007},
  publisher={Wiley}
}

@book{knuth1973fundamental,
  title={Fundamental algorithms: the art of computer programming},
  author={Knuth, Donald E},
  year={1973}
}

@book{gumm2009einfuehrung,
  title={Einf{\"u}hrung in die Informatik},
  author={Gumm, H.P. and Sommer, M.},
  isbn={9783486595390},
  year={2009},
  publisher={De Gruyter}
}

@book{merrill1916moose,
  title={The moose book},
  author={Merrill, Samuel},
  year={1916},
  publisher={EP Dutton}
}

@article{fittkau2017software,
  title={Software landscape and application visualization for system comprehension with ExplorViz},
  author={Fittkau, Florian and Krause, Alexander and Hasselbring, Wilhelm},
  journal={Information and software technology},
  volume={87},
  pages={259--277},
  year={2017},
  publisher={Elsevier}
}

@online{windows2017interaction,
  author = {Windows Dev Center},
  title = {Interaction design},
  year = {2017},
  url = {https://developer.microsoft.com/en-us/windows/mixed-reality/interaction_fundamentals},
  urldate = {2017-08-23}
}

@online{windows2017gesture,
  author = {Windows Dev Center},
  title = {Gesture design},
  year = {2017},
  url = {https://developer.microsoft.com/en-us/windows/mixed-reality/gesture_design},
  urldate = {2017-08-23}
}

@online{windows2017spacial,
  author = {Windows Dev Center},
  title = {Spatial mapping design},
  year = {2017},
  url = {https://developer.microsoft.com/en-us/windows/mixed-reality/spatial_mapping_design},
  urldate = {2017-10-11}
}

@online{windows2017casestudy3,
  author = {Marcus Ghaly},
  title = {Case study - 3 HoloStudio UI and interaction design learnings},
  year = {2017},
  url = {https://developer.microsoft.com/en-us/windows/mixed-reality/case_study_-_3_holostudio_ui_and_interaction_design_learnings},
  urldate = {2017-08-24}
}

@online{czerulla2017microsoft,
  author = {Hannes A. Czerulla and Jan-Keno Janssen},
  title = {Microsoft HoloLens im Test: Tolle Software, schwaches Display},
  year = {2017},
  url = {https://www.heise.de/ct/artikel/Microsoft-HoloLens-im-Test-Tolle-Software-schwaches-Display-3248670.html},
  urldate = {2017-08-24},
  note = {c't Magazin für Computertechnik}
}

@misc{staltz2016introduction,
  title={The Introduction to Reactive Programming You’ve Been Missing},
  author={Staltz, Andr{\'e}},
  year={2016},
  url={https://gist.github.com/staltz/868e7e9bc2a7b8c1f754},
  note={Lizenziert unter \href{https://creativecommons.org/licenses/by-nc/4.0/}{CC BY-NC 4.0}}
}

@online{abramov2017redux,
  author = {Dan Abramov},
  title = {Redux},
  year = {2017},
  url = {http://redux.js.org/},
  urldate = {2017-08-30}
}

@online{microsoft2017mixed,
  author = {Microsoft Corporation},
  title = {Mixed Reality Design Labs},
  year = {2017},
  url = {https://github.com/Microsoft/MRDesignLabs_Unity},
  note = {Lizenziert unter \href{https://opensource.org/licenses/MIT}{MIT}},
  urldate = {2017-08-30}
}

@article{vogel1979better,
  title={A better way to construct the sunflower head},
  author={Vogel, Helmut},
  journal={Mathematical biosciences},
  volume={44},
  number={3-4},
  pages={179--189},
  year={1979},
  publisher={Elsevier}
}

@article{swierczkowski1958successive,
  title={On successive settings of an arc on the circumference of a circle},
  author={{\'S}wierczkowski, S},
  journal={Fundamenta Mathematicae},
  volume={46},
  number={2},
  pages={187--189},
  year={1958}
}

@online{rocchini2017fractal,
  author = {Claudio Rocchini},
  title = {Fractal canopy},
  year = {2017},
  url = {https://commons.wikimedia.org/wiki/File:Fractal_canopy.svg},
  note = {Lizenziert unter \href{https://creativecommons.org/licenses/by-sa/3.0}{CC BY-SA 3.0}},
  urldate = {2017-09-4}
}

@online{blender2017howto,
  author = {Blender Stack Exchange},
  title = {How to rotate multiple objects towards one point?},
  year = {2017},
  url = {https://blender.stackexchange.com/questions/17713/how-to-rotate-multiple-objects-towards-one-point},
  urldate = {2017-09-4}
}

@online{zimmermann2017sonnenblume,
  author = {Matthias Zimmermann},
  title = {Gewöhnliche Sonnenblume (Helianthus annuus)},
  year = {2017},
  url = {http://www.natur-lexikon.com/Texte/MZ/003/00201-Sonnenblume/MZ00201-Sonnenblume.html},
  urldate = {2017-09-7}
}

@inproceedings{wang2006visualization,
  title={Visualization of large hierarchical data by circle packing},
  author={Wang, Weixin and Wang, Hui and Dai, Guozhong and Wang, Hongan},
  booktitle={Proceedings of the SIGCHI conference on Human Factors in computing systems},
  pages={517--520},
  year={2006},
  organization={ACM}
}

@article{welzl1991smallest,
  title={Smallest enclosing disks (balls and ellipsoids)},
  author={Welzl, Emo},
  journal={New results and new trends in computer science},
  pages={359--370},
  year={1991},
  publisher={Springer}
}

@article{bostock2017abetter,
  title={A Better Way to Code},
  author={Bostock, Mike},
  journal={Medium},
  year={2017},
  url = {https://medium.com/@mbostock/a-better-way-to-code-2b1d2876a3a0}
}

@inproceedings{dergiades2007soddy,
  title={The Soddy circles},
  author={Dergiades, Nikolaos},
  booktitle={Forum Geom},
  volume={7},
  pages={191--197},
  year={2007}
}

@book{norman2013design,
  title={The design of everyday things: Revised and expanded edition},
  author={Norman, Don},
  year={2013},
  publisher={Basic Books (AZ)}
}

@article{miller1956magical,
  title={The magical number seven, plus or minus two: some limits on our capacity for processing information.},
  author={Miller, George A},
  journal={Psychological review},
  volume={63},
  number={2},
  pages={81},
  year={1956},
  publisher={American Psychological Association}
}

@article{mishunov2015why,
  title={Why Perceived Performance Matters, Part 1: The Perception Of Time},
  author={Mishunov, Denys},
  journal={Smashing Magazine},
  year={2015},
  url = {https://www.smashingmagazine.com/2015/09/why-performance-matters-the-perception-of-time/}
}

@book{goodwin2011designing,
  title={Designing for the digital age: How to create human-centered products and services},
  author={Goodwin, Kim},
  year={2011},
  publisher={John Wiley \& Sons}
}

@book{cooper2014face,
  title={About face: the essentials of interaction design},
  author={Cooper, Alan and Reimann, Robert and Cronin, David and Noessel, Christopher},
  year={2014},
  publisher={John Wiley \& Sons}
}

@inproceedings{egger2000fi,
  title={Lo-Fi vs. Hi-Fi Prototyping: how real does the real thing have to be?},
  author={Egger, Florian N},
  booktitle={OZCHI},
  year={2000}
}

@online{headway2017structure101,
  author = {Headway Software Technologies Ltd},
  title = {structure101},
  year = {2017},
  url = {http://structure101.com/},
  urldate = {2017-10-24}
}

@article{weigend2011dynamische,
  title={Dynamische Analyse mit dem Software-EKG},
  author={Weigend, Johannes and Siedersleben, Johannes and Adersberger, Josef},
  journal={Informatik-Spektrum},
  volume={34},
  number={5},
  pages={484--495},
  year={2011},
  publisher={Springer}
}

@online{microsoft2017sharing,
  author = {Microsoft Corporation},
  title = {MixedRealityToolkit-Unity - Sharing},
  year = {2017},
  url = {https://github.com/Microsoft/MixedRealityToolkit-Unity/blob/master/Assets/HoloToolkit/Sharing/README.md},
  urldate = {2017-10-24}
}

@online{unity2017public,
  author = {Unity},
  title = {Unternehmensfakten},
  year = {2017},
  url = {https://unity3d.com/de/public-relations},
  urldate = {2017-06-28}
}

@article{wolfram2017golden,
  author = {Weisstein, Eric W.},
  title = {Golden Ratio.},
  year = {2017},
  journal = {MathWorld -- A Wolfram Web Resource},
  url = {http://mathworld.wolfram.com/GoldenRatio.html},
  urldate = {2017-11-15}
}

@article{wolfram2017spherical,
  author = {Weisstein, Eric W.},
  title = {Spherical Coordinates.},
  year = {2017},
  journal = {MathWorld -- A Wolfram Web Resource},
  url = {http://mathworld.wolfram.com/SphericalCoordinates.html},
  urldate = {2017-11-15}
}

@online{bourke2017intersection,
  title={Intersection of two circles.},
  author={Bourke, Paul},
  url={http://paulbourke.net/geometry/circlesphere/},
  year={1997}
  urldate = {2017-10-2}
}

@article{wolfram2017circle,
  author = {Weisstein, Eric W.},
  title = {Circle-Circle Intersection.},
  year = {2017},
  journal = {MathWorld -- A Wolfram Web Resource},
  url = {http://mathworld.wolfram.com/Circle-CircleIntersection.html},
  urldate = {2017-11-15}
}

